<?xml version="1.0" encoding="UTF-8"?><collection xmlns="http://www.loc.gov/MARC21/slim"><record><leader>00397nam--2200145-i-4500</leader><controlfield tag="001">000007418</controlfield><controlfield tag="002">20161230</controlfield><controlfield tag="005">20170122111343</controlfield><controlfield tag="008">060222s1000------------r-----000-0-eng-d</controlfield><datafield ind1=" " ind2=" " tag="100"><subfield code="a">Woolley, F. M</subfield></datafield><datafield ind1=" " ind2=" " tag="245"><subfield code="a">Ultrasonic Welding (1960-1965)</subfield></datafield><datafield ind1=" " ind2=" " tag="260"><subfield code="a">Aldermaston, Berks</subfield><subfield code="b">U.K.A.E.A</subfield><subfield code="c">1966</subfield></datafield><datafield ind1=" " ind2=" " tag="490"><subfield code="a">Atomic Weapons Research Establishment</subfield></datafield><datafield ind1=" " ind2=" " tag="700"><subfield code="a">Corbett, I</subfield></datafield><datafield ind1=" " ind2=" " tag="CAT"><subfield code="a">SYS</subfield><subfield code="c">20170122</subfield><subfield code="h">111343</subfield></datafield></record></collection>